% This file was created with Citavi 6.3.0.0

@book{papula,
 author = {Lothar Papula},
 year = {2017},
 title = {Mathematische Formelsammlung},
 address = {M{\"u}nchen},
 edition = {12. Auflage},
 publisher = {Springer Vieweg},
 isbn = {978-3-658-16194-1},
}

@online{5w4w, 
  author  = {Nelson Miller},
  file    = {https://www.nelson-miller.com/4-wire-vs-5-wire-resistive-touchscreens-whats-difference/},
  title   = {{4-Wire vs 5-Wire Resistive Touchscreens: What’s the Difference?}}, 
  url     = {https://www.nelson-miller.com/4-wire-vs-5-wire-resistive-touchscreens-whats-difference/}, 
  urldate = {2022-02-08}, 
}

@online{4wschema, 
  author  = {MikroElektronika},
  file    = {https://www.mikroe.com/blog/capacitive-vs-resistive-touch-panel-feels-better?source=post_page-----6362f6040fef----------------------},
  title   = {{Capacitive vs. Resistive Touch Panel - What feels better?}}, 
  url     = {https://cdn.mikroe.com/blog/2016/06/resistive_touch.jpg}, 
  urldate = {2022-02-17}, 
}