% This file was created with Citavi 6.11.0.0

@misc{ascii.Wikipedia.2021,
 abstract = {Der American Standard Code for Information Interchange (ASCII, alternativ US-ASCII, oft [ˈ{\ae}ski] ausgesprochen, deutsch {\glqq}Amerikanischer Standard-Code f{\"u}r den Informationsaustausch{\grqq}) ist eine 7-Bit-Zeichenkodierung; sie entspricht der US-Variante von ISO 646 und dient als Grundlage f{\"u}r sp{\"a}tere, auf mehr Bits basierende Kodierungen f{\"u}r Zeichens{\"a}tze.

Der ASCII-Code wurde zuerst am 17. Juni 1963 von der American Standards Association (ASA) als Standard ASA X3.4-1963 gebilligt und 1967/1968 wesentlich sowie zuletzt im Jahr 1986 (ANSI X3.4-1986) von ihren Nachfolgeinstitutionen aktualisiert und wird bis heute noch benutzt. Die Zeichenkodierung definiert 128 Zeichen, bestehend aus 33 nicht druckbaren sowie den folgenden 95 druckbaren Zeichen, beginnend mit dem Leerzeichen:

Die druckbaren Zeichen umfassen das lateinische Alphabet in Gro{\ss}- und Kleinschreibung, die zehn arabischen Ziffern sowie einige Interpunktionszeichen (Satzzeichen, Wortzeichen) und andere Sonderzeichen. Der Zeichenvorrat entspricht weitgehend dem einer Tastatur oder Schreibmaschine f{\"u}r die englische Sprache. In Computern und anderen elektronischen Ger{\"a}ten, die Text darstellen, wird dieser in der Regel gem{\"a}{\ss} ASCII oder abw{\"a}rtskompatibel (ISO 8859, Unicode) dazu gespeichert.

Die nicht druckbaren Steuerzeichen enthalten Ausgabezeichen wie Zeilenvorschub oder Tabulatorzeichen, Protokollzeichen wie {\"U}bertragungsende oder Best{\"a}tigung und Trennzeichen wie Datensatztrennzeichen.},
 editor = {Wikipedia},
 year = {2021},
 title = {American Standard Code for Information Interchange},
 url = {https://de.wikipedia.org/w/index.php?title=American_Standard_Code_for_Information_Interchange&oldid=217349495},
 urldate = {2022-01-23},
 file = {Wikipedia (Hg.) 2021 - American Standard Code for Information:Attachments/Wikipedia (Hg.) 2021 - American Standard Code for Information.pdf:application/pdf}
}


@misc{ATmega328P.Datasheet,
 editor = {{Microchip Technology Inc.}},
 title = {ATmega48A/PA/88A/PA/168A/PA/328/P: megaAVR{\circledR} Data Sheet},
 url = {https://ww1.microchip.com/downloads/en/DeviceDoc/ATmega48A-PA-88A-PA-168A-PA-328-P-DS-DS40002061B.pdf},
 urldate = {2021-12-18}
}


@misc{FUJITSU.touchscreen.datasheet,
 title = {FUJITSU Component Touch Panels: Standard 4-Wire series: Data Sheet},
 url = {https://www.mouser.de/datasheet/2/164/4_wire_standard_ds_rohs-10613.pdf},
 urldate = {2021-12-13}
}


@misc{MicrochipTechnologyInc.ATmega32U4.Datasheet.2016,
 editor = {{Microchip Technology Inc.}},
 year = {2016},
 title = {ATmega16U4/ATmega32U4: 8-bit Microcontroller with 16/32K bytes of ISP Flash and USB Controller},
 url = {https://ww1.microchip.com/downloads/en/DeviceDoc/Atmel-7766-8-bit-AVR-ATmega16U4-32U4_Datasheet.pdf},
 urldate = {2021-12-23},
 edition = {Rev. 7766J -- 04/2016}
}


@misc{ti.using_resistive_touchscreen,
 author = {{Rick Downs}},
 editor = {{Analog Applications Journal}},
 year = {2005},
 title = {Using resistive touch screens for human/machine interface},
 url = {https://www.ti.com/lit/an/slyt209a/slyt209a.pdf},
 urldate = {2022-01-27}
}


